@article{searle1980minds,
  title={Minds, brains, and programs},
  author={Searle, John R and others},
  journal={Behavioral and Brain Sciences},
  pages={417--457},
  year={1980}
}

@article{harnad1989minds,
  title={Minds, machines and Searle},
  author={Harnad, Stevan},
  journal={Journal of Experimental \& Theoretical Artificial Intelligence},
  volume={1},
  number={1},
  pages={5--25},
  year={1989},
  publisher={Taylor \& Francis}
}

@article{rey1986s,
  title={What's really going on in Searle's “Chinese room”},
  author={Rey, Georges},
  journal={Philosophical Studies},
  volume={50},
  number={2},
  pages={169--185},
  year={1986},
  publisher={Springer}
}

@article{goertzel2014artificial,
  title={Artificial general intelligence: concept, state of the art, and future prospects},
  author={Goertzel, Ben},
  journal={Journal of Artificial General Intelligence},
  volume={5},
  number={1},
  pages={1--48},
  year={2014},
  publisher={Sciendo}
}

@book{kurzweil2005singularity,
  title={The singularity is near: When humans transcend biology},
  author={Kurzweil, Ray},
  year={2005},
  publisher={Penguin}
}

@article{hospedales2020meta,
  title={Meta-learning in neural networks: A survey},
  author={Hospedales, Timothy and Antoniou, Antreas and Micaelli, Paul and Storkey, Amos},
  journal={arXiv preprint arXiv:2004.05439},
  year={2020}
}

@book{lucas1982proceedings,
  title={Proceedings of the Cognitive Curriculum Conference},
  author={Lucas, Margery M and Hayes, Patrick J},
  year={1982},
  publisher={University of Rochester}
}
